<?xml version="1.0" encoding="UTF-8"?><collection xmlns="http://www.loc.gov/MARC21/slim"><record><leader>00424nam--2200145-i-4500</leader><controlfield tag="001">000035335</controlfield><controlfield tag="002">20161230</controlfield><controlfield tag="005">20161230201040</controlfield><controlfield tag="008">060222s1000------------r-----000-0-eng-d</controlfield><datafield ind1=" " ind2=" " tag="080"><subfield code="a">515.122(043)</subfield></datafield><datafield ind1=" " ind2=" " tag="100"><subfield code="a">Oka, Mutsuo</subfield></datafield><datafield ind1=" " ind2=" " tag="245"><subfield code="a">Sur la topologie du complementaire d`une hypersurface dans pn+1</subfield></datafield><datafield ind1=" " ind2=" " tag="260"><subfield code="a">Paris, Orsay, Univ.Paris Xi Centre D`Orsay, 1975, 70p</subfield></datafield><datafield ind1=" " ind2=" " tag="852"><subfield code="a">44063</subfield><subfield code="c">513.83</subfield></datafield><datafield ind1=" " ind2=" " tag="CAT"><subfield code="a">Sys</subfield><subfield code="c">20080609</subfield><subfield code="h">102243</subfield></datafield></record></collection>